<?xml version="1.0" encoding="UTF-8"?><collection xmlns="http://www.loc.gov/MARC21/slim"><record><leader>00413nam--2200157-i-4500</leader><controlfield tag="001">000009922</controlfield><controlfield tag="002">20161230</controlfield><controlfield tag="005">20170115231441</controlfield><controlfield tag="008">060222s1000------------r-----000-0-eng-d</controlfield><datafield ind1=" " ind2=" " tag="080"><subfield code="a">628.543</subfield></datafield><datafield ind1=" " ind2=" " tag="100"><subfield code="a">Beychok, Milton R</subfield></datafield><datafield ind1=" " ind2=" " tag="245"><subfield code="a">Aqueous wastes from petroleum and petrochemical plants</subfield></datafield><datafield ind1=" " ind2=" " tag="260"><subfield code="a">London</subfield><subfield code="b">John Wiley &amp; Sons</subfield><subfield code="c">1967</subfield></datafield><datafield ind1=" " ind2=" " tag="300"><subfield code="a">IX + 370 p</subfield></datafield><datafield ind1=" " ind2=" " tag="852"><subfield code="a">33393</subfield></datafield><datafield ind1=" " ind2=" " tag="CAT"><subfield code="a">SYS</subfield><subfield code="c">20170115</subfield><subfield code="h">231441</subfield></datafield></record></collection>